[gd_scene load_steps=12 format=3 uid="uid://dh20o7p42584m"]

[ext_resource type="Script" path="res://objects/list_09/player_09.gd" id="1_5c1pr"]
[ext_resource type="Texture2D" uid="uid://doaaal55kqxwn" path="res://images/player/Ship-Nebula - Sprite Sheet.png" id="1_5l8bc"]
[ext_resource type="Script" path="res://objects/list_09/StateMachines/StateMachinePlayer_09.gd" id="2_vlofn"]
[ext_resource type="Script" path="res://objects/list_09/StateMachines/space_09.gd" id="3_p3rkt"]
[ext_resource type="Script" path="res://objects/list_09/StateMachines/run_space_09.gd" id="4_ey7gh"]
[ext_resource type="Script" path="res://objects/list_09/StateMachines/right_left_space_09.gd" id="5_i7de6"]

[sub_resource type="Animation" id="Animation_ys0j5"]
length = 0.001
tracks/0/type = "value"
tracks/0/imported = false
tracks/0/enabled = true
tracks/0/path = NodePath("Ship-nebula-SpriteSheet:frame")
tracks/0/interp = 1
tracks/0/loop_wrap = true
tracks/0/keys = {
"times": PackedFloat32Array(0),
"transitions": PackedFloat32Array(1),
"update": 1,
"values": [0]
}

[sub_resource type="Animation" id="Animation_0yusf"]
resource_name = "left"
length = 0.5
tracks/0/type = "value"
tracks/0/imported = false
tracks/0/enabled = true
tracks/0/path = NodePath("Ship-nebula-SpriteSheet:frame")
tracks/0/interp = 1
tracks/0/loop_wrap = true
tracks/0/keys = {
"times": PackedFloat32Array(0, 0.2, 0.4),
"transitions": PackedFloat32Array(1, 1, 1),
"update": 1,
"values": [24, 25, 26]
}

[sub_resource type="Animation" id="Animation_53kwa"]
resource_name = "right"
length = 0.5
tracks/0/type = "value"
tracks/0/imported = false
tracks/0/enabled = true
tracks/0/path = NodePath("Ship-nebula-SpriteSheet:frame")
tracks/0/interp = 1
tracks/0/loop_wrap = true
tracks/0/keys = {
"times": PackedFloat32Array(0, 0.2, 0.4),
"transitions": PackedFloat32Array(1, 1, 1),
"update": 1,
"values": [12, 13, 14]
}

[sub_resource type="Animation" id="Animation_gk21c"]
resource_name = "space"
length = 0.7
tracks/0/type = "value"
tracks/0/imported = false
tracks/0/enabled = true
tracks/0/path = NodePath("Ship-nebula-SpriteSheet:frame")
tracks/0/interp = 1
tracks/0/loop_wrap = true
tracks/0/keys = {
"times": PackedFloat32Array(0, 0.2, 0.4, 0.6),
"transitions": PackedFloat32Array(1, 1, 1, 1),
"update": 1,
"values": [0, 1, 2, 3]
}

[sub_resource type="AnimationLibrary" id="AnimationLibrary_rpdbg"]
_data = {
"RESET": SubResource("Animation_ys0j5"),
"left": SubResource("Animation_0yusf"),
"right": SubResource("Animation_53kwa"),
"space": SubResource("Animation_gk21c")
}

[node name="Player_09" type="CharacterBody2D"]
script = ExtResource("1_5c1pr")

[node name="StateMachine" type="Node" parent="."]
script = ExtResource("2_vlofn")
estado_inicial = NodePath("space")

[node name="space" type="Node" parent="StateMachine"]
script = ExtResource("3_p3rkt")

[node name="run" type="Node" parent="StateMachine"]
script = ExtResource("4_ey7gh")

[node name="right_left" type="Node" parent="StateMachine"]
script = ExtResource("5_i7de6")

[node name="Ship-nebula-SpriteSheet" type="Sprite2D" parent="."]
texture = ExtResource("1_5l8bc")
hframes = 12
vframes = 5

[node name="CollisionPolygon2D" type="CollisionPolygon2D" parent="."]
polygon = PackedVector2Array(0, 10, 5, 6, 14, 6, 14, 1, 11, 1, 3, -6, 3, -11, 0, -13, -3, -11, -3, -6, -9, 1, -15, 1, -15, 7, -5, 7)

[node name="AnimationPlayer" type="AnimationPlayer" parent="."]
libraries = {
"": SubResource("AnimationLibrary_rpdbg")
}

[node name="Label" type="Label" parent="."]
offset_right = 40.0
offset_bottom = 23.0
